

@BOOK{BCG,
    author    = {Banerjee, Sudipto and Carlin, Bradley P. and Gelfand, Alan E.},
    title     = {Hierarchical Modeling and Analysis for Spatial Data},
    year      = {2014},
    publisher = {Taylor and Francis}
}


@ARTICLE{Z1993,
author = {Zimmerman, D. L.},
title = {Another look at anisotropy in geostatistcs},
journal = {Mathematical Geology},
volume = {25},
number = {4},
pages = {453--470},
year = {1993}
} 


@ARTICLE{BD2005,
author = {Budrikaite, L. and Ducinskas, K.},
title = {Modelling of Geometric Anisotropic Spatial Variation},
journal = {Mathematical Modeling and Analysis},
pages = {361--366},
year = {2005}
} 

@ARTICLE{Eriksson2000,
author = {Eriksson, Marian and Siska, Peter P.},
title = {Understanding Anisotropy Computations},
journal = {Mathematical Geology},
volume = {32},
number = {6},
pages = {683--700},
year = {2000}
} 


@ARTICLE{ASP2016,
author = {Allard, D. and Senoussi, R. and Porcu, E.},
title = {Anisotropy Models for Spatial Data},
journal = {Mathematical Geosciences},
volume = {48},
number = {3},
pages = {305--328},
year = {2016}
} 


@ARTICLE{PGM2006,
author = {Porcu, E. and Gregori, P. and Mateu, J.},
title = {Nonseparable stationary anisotropic spaceâ€“time covariance functions
},
journal = {Stochastic Environmental Research and Risk Assessment},
volume = {21},
pages = {113--122},
year = {2006}
} 



@ARTICLE{Gelfand1999,
author = {Ecker, Mar D. and Gelfand, Alan E.},
title = {Bayesian Modeling and Inference for Geometrically Anisotropic Spatial Data},
journal = {Mathematical Geology},
volume = {31},
number = {1},
pages = {67--83},
year = {1999}
} 


@ARTICLE{Hannes2013,
author = {Kazianka, Hannes},
title = {Objective Bayesian Analysis of Geometrically Anisotropic Spatial Data},
journal = {Journal of Agricultural, Biological, and Environmental Statistics},
volume = {18},
number = {4},
pages = {514--537},
year = {2013}
} 


@ARTICLE{spb1,
  title = {{spBayes}: An {R} Package for Univariate and Multivariate
    Hierarchical Point-Referenced Spatial Models},
  author = {Andrew O. Finley and Sudipto Banerjee and Bradley P.
    Carlin},
  journal = {Journal of Statistical Software},
  year = {2007},
  volume = {19},
  number = {4},
  pages = {1--24},
  url = {http://www.jstatsoft.org/v19/i04/},
}
@ARTICLE{spb2,
  title = {{spBayes} for Large Univariate and Multivariate
    Point-Referenced Spatio-Temporal Data Models},
  author = {Andrew O. Finley and Sudipto Banerjee and Alan
    E.Gelfand},
  journal = {Journal of Statistical Software},
  year = {2015},
  volume = {63},
  number = {13},
  pages = {1--28},
  url = {http://www.jstatsoft.org/v63/i13/},
}








